<record><leader>00000cas a2200000 a 4500</leader><controlfield tag="001">613411011</controlfield><controlfield tag="008">100511d2000200uiluwr ne      0   a0eng c</controlfield><datafield ind1=" " ind2=" " tag="010"><subfield code="a">  2010271328</subfield></datafield><datafield ind1=" " ind2=" " tag="040"><subfield code="a">NVF</subfield><subfield code="b">eng</subfield><subfield code="c">NVF</subfield><subfield code="d">OCLCQ</subfield><subfield code="d">NVF</subfield><subfield code="d">OCLCF</subfield><subfield code="d">OCLCO</subfield><subfield code="d">NVF</subfield></datafield><datafield ind1=" " ind2=" " tag="042"><subfield code="a">pcc</subfield></datafield><datafield ind1=" " ind2=" " tag="043"><subfield code="a">n-us-il</subfield></datafield><datafield ind1="0" ind2=" " tag="130"><subfield code="a">Press (Oak Brook, Ill. : Carol Stream ed.)</subfield></datafield><datafield ind1="1" ind2="0" tag="245"><subfield code="a">Press.</subfield></datafield><datafield ind1="1" ind2="3" tag="246"><subfield code="a">Carol Stream press</subfield></datafield><datafield ind1=" " ind2=" " tag="250"><subfield code="a">Carol Stream ed.</subfield></datafield><datafield ind1=" " ind2=" " tag="260"><subfield code="a">Oak Brook, Ill. :</subfield><subfield code="b">Press Publications,</subfield><subfield code="c">2000-[200-?]</subfield></datafield><datafield ind1=" " ind2=" " tag="300"><subfield code="a">v.</subfield></datafield><datafield ind1=" " ind2=" " tag="310"><subfield code="a">Weekly</subfield></datafield><datafield ind1="0" ind2=" " tag="362"><subfield code="a">Vol. 154, no. 20 (May 18, 2000)-</subfield></datafield><datafield ind1=" " ind2=" " tag="515"><subfield code="a">Numbering changed to v. 78, no. 22 with June 1, 2000 issue.</subfield></datafield><datafield ind1=" " ind2=" " tag="588"><subfield code="a">Latest issue consulted: Vol. 81, no. 51 (Dec. 25, 2003).</subfield></datafield><datafield ind1=" " ind2="0" tag="651"><subfield code="a">Carol Stream (Ill.)</subfield><subfield code="v">Newspapers.</subfield></datafield><datafield ind1=" " ind2="7" tag="651"><subfield code="a">Illinois</subfield><subfield code="z">Carol Stream.</subfield><subfield code="2">fast</subfield><subfield code="0">(OCoLC)fst01214107</subfield></datafield><datafield ind1=" " ind2="7" tag="655"><subfield code="a">Newspapers.</subfield><subfield code="2">fast</subfield><subfield code="0">(OCoLC)fst01423814</subfield></datafield><datafield ind1=" " ind2=" " tag="752"><subfield code="a">United States</subfield><subfield code="b">Illinois</subfield><subfield code="c">DuPage County</subfield><subfield code="d">Oak Brook.</subfield></datafield><datafield ind1="0" ind2="1" tag="780"><subfield code="t">Press (Elmhurst, Ill. : Carol Stream/Glendale Heights ed.)</subfield><subfield code="w">(DLC)  2010271327</subfield><subfield code="w">(OCoLC)613396596</subfield></datafield></record>